@STRING{miccai = {Medical Image Computing and Computer-Assisted Intervention}}
@STRING{lncs = {Lecture Notes in Computer Science}}
@STRING{tmi = {IEEE Transactions on Medical Imaging}}
@STRING{ni = {NeuroImage}}

@article{roche:tmi:11, 
  author = {Roche, Alexis},
  title = {{A four-dimensional registration algorithm with application
                  to joint correction of motion and slice timing in
                  fMRI}},
  journal = tmi,
  volume = 30,
  number = 8, 
  pages = {1546--1554},
  year = 2011,
  doi = {10.1109/TMI.2011.2131152}
}

@article{freire:ni:01,
  title={{Motion correction algorithms may create spurious brain
                  activations in the absence of subject motion}},
  author={Freire, Luis and Mangin, J-F},
  journal={NeuroImage},
  volume={14},
  number={3},
  pages={709--722},
  year={2001}
}

@ARTICLE{keller:sinica:08,
  author = {Keller, M. and Roche, A. and Tucholka, A. and Thirion, B.},
  title = {{Dealing with spatial normalization errors in fMRI group
                  inference using hierarchical modeling}},
  journal = {Statistica Sinica},
  year = {2008},
  volume = {18},
  number = {4}, 
  url = {http://www3.stat.sinica.edu.tw/statistica/J18N4/J18N47/J18N47.html}
}

@INPROCEEDINGS{keller:miccai:09,
  author = {M. Keller and M. Lavielle and M. Perrot and Roche, A.},
  title = {{Anatomically informed Bayesian model selection for fMRI
                  group data analysis}},
  booktitle = miccai # { (MICCAI'09)},
  year = {2009},
  volume = {5762},
  series = lncs,
  pages = {450--457},
  doi = {10.1007/978-3-642-04271-3_55}
}

@techreport{minka:techrep:05,
 author = {Thomas P. Minka},
 title = {{Divergence measures and message passing}},
 institution = {Microsoft Research Ltd.}, 
 number = {MSR-TR-2005-173}, 
 year = 2005
}

@article{tzourio:ni:02,
  title={{Automated anatomical labeling of activations in SPM using a
                  macroscopic anatomical parcellation of the MNI MRI
                  single-subject brain}},
  author={Tzourio-Mazoyer, N and Landeau, B and Papathanassiou, D and
                  Crivello, F and Etard, O and Delcroix, N and
                  Mazoyer, Bernard and Joliot, M},
  journal=ni,
  volume={15},
  number={1},
  pages={273--289},
  year={2002}
}

@ARTICLE{roche:ijist:00,
  author = {Roche, A. and Malandain, G. and Ayache, N.},
  title = {{Unifying maximum likelihood approaches in medical image
                  registration}},
  journal = {International Journal of Imaging Systems and Technology:
                  Special issue on 3D imaging},
  volume = {11},
  pages = {71-80},
  year = 2000,
  doi = {10.1002/(SICI)1098-1098(2000)11:1<71::AID-IMA8>3.0.CO;2-5}
}


@ARTICLE{maes:tmi:97,
  author = {Maes, F. and Collignon, A. and Vandermeulen, D. and
                  Marchal, G. and Suetens, P.},
  title = {{Multimodality image registration by maximization of mutual
                  information}},
  journal = tmi,
  year = {1997},
  volume = {16},
  pages = {187-198},
  number = {2}
}

@ARTICLE{studholme:pr:98,
  author = {Studholme, C. and Hill, D. L. G. and Hawkes, D. J.},
  title = {{An overlap invariant entropy measure of 3D medical image
                  alignment}},
  journal = {Pattern Recognition},
  year = {1998},
  volume = {1},
  pages = {71-86},
  number = {32}
}

@ARTICLE{Friston1998,
  author = {K. J. Friston and O. Josephs and G. Rees and R. Turner},
  title = {Nonlinear event-related responses in fMRI.},
  journal = {Magn Reson Med},
  year = {1998},
  volume = {39},
  pages = {41--52},
  number = {1},
  month = {Jan},
  __markedentry = {[bertrand:6]},
  institution = {Wellcome Department of Cognitive Neurology, Institute of Neurology,
	London, United Kingdom.},
  keywords = {Brain, blood supply; Evoked Potentials, Auditory, physiology; Hemodynamics,
	physiology; Humans; Magnetic Resonance Imaging, methods; Male; Nonlinear
	Dynamics; Reference Values; Sensitivity and Specificity},
  language = {eng},
  medline-pst = {ppublish},
  owner = {bertrand},
  pmid = {9438436},
  timestamp = {2013.10.21}
}

@ARTICLE{Glover1999,
  author = {G. H. Glover},
  title = {Deconvolution of impulse response in event-related BOLD fMRI.},
  journal = {Neuroimage},
  year = {1999},
  volume = {9},
  pages = {416--429},
  number = {4},
  month = {Apr},
  __markedentry = {[bertrand:]},
  institution = {Center for Advanced MR Technology at Stanford, Department of Diagnostic
	Radiology, Stanford, California, 94305-5488, USA.},
  keywords = {Acoustic Stimulation; Auditory Cortex, physiology; Data Interpretation,
	Statistical; Evoked Potentials, Auditory, physiology; Humans; Image
	Processing, Computer-Assisted; Magnetic Resonance Imaging, methods;
	Nonlinear Dynamics; Oxygen, blood; Somatosensory Cortex, physiology},
  language = {eng},
  medline-pst = {ppublish},
  owner = {bertrand},
  pii = {S1053811998904190},
  pmid = {10191170},
  timestamp = {2013.10.21}
}
